

@inproceedings{Shapovalov2011,
author="R. Shapovalov and A. Velizhev",
title="Cutting-Plane Training of Non-associative Markov Network for 3D Point Cloud Segmentation",
booktitle="3DIMPVT",
year="2011",
}

@inproceedings{object-cooccurence,
title="Exploiting Hierarchical Context on a Large Database of Object Categories",
booktitle="CVPR",
year="2010",
author="Myung Jin Choi and Joseph J. Lim and Antonio Torralba and Alan S. Willsky",
}

@inproceedings{hebert-room-layout,
title="Estimating Spatial Layout of Rooms using Volumetric Reasoning about Objects and Surfaces",
author="David Changsoo Lee and Abhinav Gupta and Martial Hebert and Takeo Kanade",
booktitle="NIPS",
year="2010",
}

@inproceedings{hoiem-indoors,
title="Thinking Inside the Box: Using Appearance Models and Context Based on Room Geometry",
author="V. Hedau and D. Hoiem and D.A. Forsyth",
booktitle="ECCV",
year="2010",
}

@inproceedings{hoiem-spatial-layout,
title="Recovering the Spatial Layout of Cluttered Rooms",
author="V. Hedau and D. Hoiem and D.A. Forsyth",
booktitle="ICCV",
year="2009",
}

@article{GIST,
title="Contextual priming for object detection",
author="A. Torralba",
journal="IJCV",
volume="53",
number="2",
pages="169-191",
year="2003",
}

@inproceedings{Collet:icra2011,
   author = "Alvaro {Collet Romea} and Siddhartha Srinivasa and Martial Hebert",
   title = "Structure Discovery in Multi-modal Data : a Region-based Approach",
   booktitle = "ICRA",
   year = "2011",
} 

@INPROCEEDINGS{Taskar:lamn,
    author = {Ben Taskar and Vassil Chatalbashev and Daphne Koller},
    title = {Learning associative markov networks},
    booktitle = {ICML},
    year = {2004}
}


@inproceedings{xiong:indoor,
   title = {Using Context to Create Semantic 3D Models of Indoor Environments},
   author = {Xiong, Xuehan and Huber, Daniel},
   year = {2010},
   booktitle = {BMVC},
  }

@inproceedings{lai:icra11a,
  author = {K. Lai and L. Bo and X. Ren and D. Fox},
  title = {A Large-Scale Hierarchical Multi-View RGB-D Object Dataset},
  booktitle = {ICRA},
  year = {2011}
}

@inproceedings{lai:icra11b,
  author = {K. Lai and L. Bo and X. Ren and D. Fox},
  title = {Sparse Distance Learning for Object Recognition Combining RGB and Depth Information},
  booktitle = {ICRA},
  year = {2011}
}

@INPROCEEDINGS{quigley:high-accuracy,
AUTHOR = "Morgan Quigley and Siddharth Batra and Stephen Gould and Ellen Klingbeil and Quoc V. Le and Ashley Wellman and Andrew Y. Ng",
TITLE = "High-accuracy 3D sensing for mobile manipulation: Improving object detection and door opening.",
booktitle = "ICRA",
YEAR = {2009}  }

@inproceedings{gould:fusion,
    author = {Gould, Stephen and Baumstarck, Paul and Quigley, Morgan and Ng, Andrew Y. and Koller, Daphne},
    booktitle = {ECCV workshop Multi-camera Multi-modal (M2SFA2)},
    title = {Integrating Visual and Range Data for Robotic Object Detection},
    year = {2008}
}


@article{Torralba:exploting_context,
 author = {Murphy, K. P. and Torralba, A.  and Freeman, W. T.},
 title = {Using the forest to see the trees: a graphical model relating features, objects and scenes},
 journal = {NIPS},
 year = {2003},
 } 


@INPROCEEDINGS{Hoiem:puttingobjects,
    author = {Derek Hoiem and Alexei A. Efros and Martial Hebert},
    title = {Putting objects in perspective},
    booktitle = {CVPR},
    year = {2006}
}

@inproceedings{Torralba:contextualmodels,
    author = {Torralba, A. and Murphy, K. P. and Freeman, W. T.},
    booktitle = {NIPS},
    title = {Contextual Models for Object Detection using Boosted Random Fields},
    year = {2005}
}


@inproceedings{xiong:3DSceneAnalysis,
  author =	 "Xuehan Xiong and Daniel Munoz and J. Andrew Bagnell and Martial Hebert",
  title =	 "3-D Scene Analysis via Sequenced Predictions over Points and Regions",
  booktitle = "ICRA",
  year = "2011"
}


@inproceedings{Shapovalov2010,
  author = {Shapovalov, Roman and Velizhev, Alexander and Barinova, Olga},
  booktitle = {ISPRS Commission III symposium - PCV 2010},
  title = {Non-Associative Markov Networks for 3D Point Cloud Classification},
  year = 2010,
}


@inproceedings{Munoz2009:mrf,
   author = "Daniel Munoz and Nicolas Vandapel and Martial Hebert",
   title = "Onboard Contextual Classification of 3-D Point Clouds with Learned High-order Markov Random Fields",
   booktitle = "ICRA",
   year = "2009",
} 

@article{Rusu:ObjectMaps,
 author = {Rusu, Radu Bogdan and Marton, Zoltan Csaba and Blodow, Nico and Dolha, Mihai and Beetz, Michael},
 title = {Towards 3D Point cloud based object maps for household environments},
 journal = {Robot. Auton. Syst.},
 volume = {56},
 issue = {11},
 year = {2008},
 pages = {927--941},
} 


@inproceedings{Golovinskiy:shape-basedrecognition,
    author = {Aleksey Golovinskiy and Vladimir G. Kim and Thomas Funkhouser},
    title = {Shape-based recognition of 3d point clouds in urban environments},
    booktitle = {ICCV},
    year = {2009}
}


@INPROCEEDINGS{Leibe07:dynamic,
    author = {Bastian Leibe and Nico Cornelis and Kurt Cornelis and Luc Van Gool},
    title = {Dynamic 3d scene analysis from a moving vehicle},
    booktitle = {CVPR},
    year = {2007}
}


@misc{deter:rgbd,
    author = {Henry, Peter and Krainin, Michael and Herbst, Evan and Ren, Xiaofeng and Fox, Dieter},
    title = {RGB-D Mapping: Using Depth Cameras for Dense 3D Modeling of Indoor Environments},
    url = {http://www.cs.washington.edu/ai/Mobile\_Robotics/postscripts/3d-mapping-iser-10-final.pdf}
}


@article{joachims2009cutting,
  title={{Cutting-plane training of structural SVMs}},
  author={Joachims, T. and Finley, T. and Yu, C.N.J.},
  journal={Machine Learning},
  volume={77},
  number={1},
  pages={27--59},
  issn={0885-6125},
  year={2009},
  publisher={Springer}
}
@misc{kinect,
  author = {},
  title = {Microsoft Kinect.},
  howpublished = "\url{http://www.xbox.com/en-us/kinect.}"
}
@misc{openni,
  author = {},
  title = {Openni Kinect Driver},
  howpublished = "\url{http://www.ros.org/wiki/openni_kinect}"
}
@misc{rgbdslam,
  author = {},
  title = {RGBDSLAM},
  howpublished = "\url{http://openslam.org/rgbdslam.html}"
}

@inproceedings{divvala2009empirical,
  title={An empirical study of context in object detection},
  author={Divvala, S.K. and Hoiem, D. and Hays, J.H. and Efros, A.A. and Hebert, M.},
   booktitle ={CVPR},
  year={2009}
}

@inproceedings{dalal2005histograms,
  title={Histograms of oriented gradients for human detection},
  author={Dalal, N. and Triggs, B.},
  year={2005},
  booktitle={CVPR},
  }

@inproceedings{csurka2004visual,
  title={Visual categorization with bags of keypoints},
  author={Csurka, G. and Dance, C. and Fan, L. and Willamowski, J. and Bray, C.},
  booktitle={Workshop on statistical learning in computer vision, ECCV},
  year={2004},
}

@inproceedings{felzenszwalb2008discriminatively,
  title={A discriminatively trained, multiscale, deformable part model},
  author={Felzenszwalb, P. and McAllester, D. and Ramanan, D.},
  year={2008},
  booktitle="CVPR",
}

@inproceedings{HeitzECCV_usingstufftofindthings,
author = {Geremy Heitz and Daphne Koller},
title = {Learning Spatial Context: Using Stuff to Find Things},
booktitle = {ECCV},
year = {2008},
}

@article{saxena-make3d-pami,
  author    = {Ashutosh Saxena and
               Min Sun and
               Andrew Y. Ng},
  title     = {Make3D: Learning 3D Scene Structure from a Single Still
               Image},
  journal   = {IEEE PAMI},
  volume    = {31},
  number    = {5},
  year      = {2009},
  pages     = {824-840},
}

@INPROCEEDINGS{Anguelov/etal/05,
author={Anguelov, D. and Taskar, B. and Chatalbashev, V. and Koller, D. and Gupta, D. and Heitz, G. and Ng, A.},
booktitle={CVPR}, 
title={Discriminative learning of Markov random fields for segmentation of 3D scan data},
year={2005}
}


@inproceedings{Tsochantaridis/04,
  title={Support vector machine learning for interdependent and structured output spaces},
  author={Tsochantaridis, I. and Hofmann, T. and Joachims, T. and Altun, Y.},
  booktitle={ICML},
  year={2004}
}


@INPROCEEDINGS{Kolmogorov/Rother/07, 
author={Rother, C. and Kolmogorov, V. and Lempitsky, V. and Szummer, M.}, 
booktitle={CVPR},
title={Optimizing Binary MRFs via Extended Roof Duality}, 
year={2007} 
}

@article{hammer1984roof,
  title={Roof duality, complementation and persistency in quadratic 0--1 optimization},
  author={Hammer, P.L. and Hansen, P. and Simeone, B.},
  journal={Mathematical Programming},
  volume={28},
  number={2},
  pages={121--155},
  year={1984},
  publisher={Springer}
}

@article{Boros/Hammer/02,
  title={Pseudo-boolean optimization},
  author={Boros, E. and Hammer, P.L.},
  journal={Discrete Applied Mathematics},
  volume={123},
  number={1-3},
  pages={155--225},
  year={2002},
  publisher={Elsevier}
}

@INPROCEEDINGS{Taskar/MMMN,
    author = {Ben Taskar and Carlos Guestrin and Daphne Koller},
    title = {Max-margin Markov networks},
    booktitle = {NIPS},
    year = {2003}
}
@inproceedings{Taskar/AMN,
  title={Learning associative Markov networks},
  author={Taskar, B. and Chatalbashev, V. and Koller, D.},
  booktitle={ICML},
  year={2004}
}



@inproceedings{Finley/Joachims/08a,
author= {Thomas Finley and Thorsten Joachims},
title= {Training structural SVMs when exact inference is intractable},
booktitle= {ICML},
year= {2008}
}

@inproceedings{Lafferty/etal/01,
 author = {Lafferty, John D. and McCallum, Andrew and Pereira, Fernando C. N.},
 title = {Conditional Random Fields: Probabilistic Models for Segmenting and Labeling Sequence Data},
 booktitle = {ICML},
 year = {2001}
} 

@inproceedings{li2010feedback,
 title={Towards Holistic Scene Understanding: Feedback Enabled Cascaded Classification Models},
 author={Li, C. and Kowdle, A. and Saxena, A. and Chen, T.},
 year={2010},
 organization={NIPS}
}

@inproceedings{nips:3dlabeling,
 title={Semantic Labeling of 3D Point Clouds for Indoor Scenes},
 author={Koppula, H.S. and Anand, A. and Joachims, T. and Saxena, A. },
 year={2011},
 booktitle={NIPS}
}



@article{arxiv:3dlabeling,
  author    = {Hema Swetha Koppula and
               Abhishek Anand and
               Thorsten Joachims and
               Ashutosh Saxena},
  title     = {Labeling 3D scenes for Personal Assistant Robots},
  journal   = {CoRR},
  volume    = {abs/1106.5551},
  year      = {2011},
  ee        = {http://arxiv.org/abs/1106.5551},
  bibsource = {DBLP, http://dblp.uni-trier.de}
}

@inproceedings{rgbd:3dlabeling,
  author    = {Hema Swetha Koppula and
               Abhishek Anand and
               Thorsten Joachims and
               Ashutosh Saxena},
  title     = {Labeling 3D scenes for Personal Assistant Robots},
  booktitle ={RSS workshop RGB-D: Advanced Reasoning with Depth Cameras},
  year={2011}
}

@article{Collet2011,
  title={The MOPED framework: Object Recognition and Pose Estimation for Manipulation},
  author={Collet, Alvaro and Martinez, Manuel and Srinivasa, Siddhartha S.},
  journal={The International Journal of Robotics Research},
  year={2011}
}

@article{Perko2010,
 author = {Perko, Roland and Leonardis, Ales},
 title = {A framework for visual-context-aware object detection in still images},
 journal = {Computer Vision and Image Understanding},
 volume = {114},
 issue = {6},
 month = {June},
 year = {2010},
 issn = {1077-3142},
 pages = {700--711},
 numpages = {12},
 acmid = {1801853},
}

@inproceedings{ijcai/JiaSC11,
  author    = {Zhaoyin Jia and
               Ashutosh Saxena and
               Tsuhan Chen},
  title     = {Robotic Object Detection: Learning to Improve the Classifiers
               Using Sparse Graphs for Path Planning},
  booktitle = {IJCAI},
  year      = {2011},
  pages     = {2072-2078},
  ee        = {http://ijcai.org/papers11/Papers/IJCAI11-346.pdf},
  bibsource = {DBLP, http://dblp.uni-trier.de}
} 

@INPROCEEDINGS{Meger2010,
author={Meger, D. and Gupta, A. and Little, J.J.},
booktitle={Robotics and Automation (ICRA), 2010 IEEE International Conference on}, 
title={Viewpoint detection models for sequential embodied object category recognition},
year={2010}
}


@article {Laporte2006,
   author = {Laporte, Catherine and Arbel, Tal},
   affiliation = {McGill University Centre for Intelligent Machines Montreal Quebec Canada Montreal Quebec Canada},
   title = {Efficient Discriminant Viewpoint Selection for Active Bayesian Recognition},
   journal = {International Journal of Computer Vision},
   publisher = {Springer Netherlands},
   issn = {0920-5691},
   keyword = {Computer Science},
   pages = {267-287},
   volume = {68},
   issue = {3},
   url = {http://dx.doi.org/10.1007/s11263-005-4436-9},
   note = {10.1007/s11263-005-4436-9},
   year = {2006}
}

@inproceedings{Laporte2004,
 author = {Laporte, Catherine and Brooks, Rupert and Arbel, Tal},
 title = {A Fast Discriminant Approach to Active Object Recognition and Pose Estimation},
 booktitle = {ICPR},
 year = {2004},
}

@ARTICLE{Denzler2002,
author={Denzler, J. and Brown, C.M.},
journal={Pattern Analysis and Machine Intelligence, IEEE Transactions on}, title={Information theoretic sensor data selection for active object recognition and state estimation},
year={2002},
month={feb},
volume={24},
number={2},
pages={145 -157},
doi={10.1109/34.982896},
ISSN={0162-8828},} 

@article{Ma2011,
author = {Ma, Jeremy and Chung, Timothy H and Burdick, Joel}, 
title = {A probabilistic framework for object search with 6-DOF pose estimation}, 
volume = {30}, 
number = {10}, 
pages = {1209-1228}, 
year = {2011}, 
doi = {10.1177/0278364911410090}, 
URL = {http://ijr.sagepub.com/content/30/10/1209.abstract}, 
eprint = {http://ijr.sagepub.com/content/30/10/1209.full.pdf+html}, 
journal = {The International Journal of Robotics Research} 
}


@article{szeliski2008comparative,
  title={A comparative study of energy minimization methods for markov random fields with smoothness-based priors},
  author={Szeliski, R. and Zabih, R. and Scharstein, D. and Veksler, O. and Kolmogorov, V. and Agarwala, A. and Tappen, M. and Rother, C.},
  journal={IEEE Transactions on Pattern Analysis and Machine Intelligence},
  pages={1068--1080},
  year={2008},
  publisher={IEEE Computer Society}
}

@article{Douillard2011,
author = {Douillard, B. and Fox, D. and Ramos, F. and Durrant-Whyte, H.}, 
title = {Classification and Semantic Mapping of Urban Environments}, 
volume = {30}, 
number = {1}, 
pages = {5-32}, 
year = {2011}, 
journal = {The International Journal of Robotics Research} 
}

@inproceedings{girshick2011object,
  title={Object Detection with Grammar Models},
  author={Girshick, R.B. and Felzenszwalb, P.F. and McAllester, D.},
  booktitle={NIPS},
  year={2011}
}


@inproceedings{zhu2011,
  title={Image Parsing with Stochastic Scene Grammar},
  author={Y. Zhao, S. Zhu},
  booktitle={NIPS},
  year={2011}
}
